<?xml version="1.0" encoding="UTF-8"?><collection xmlns="http://www.loc.gov/MARC21/slim"><record><leader>00461nam--2200121-i-4500</leader><controlfield tag="001">000019193</controlfield><controlfield tag="002">20161230</controlfield><controlfield tag="005">20161230201033</controlfield><controlfield tag="008">060222s1000------------r-----000-0-eng-d</controlfield><datafield ind1=" " ind2=" " tag="245"><subfield code="a">Hydrophobic surface.the kendall award symposium honoring  albert c.zettlemoyer at the 155-th meeting of the american chemical society, san francisco, calif., april 1 and 2, 1968</subfield></datafield><datafield ind1=" " ind2=" " tag="260"><subfield code="a">New York, Academic Press, 1969. Xvi + 227 P</subfield></datafield><datafield ind1=" " ind2=" " tag="700"><subfield code="a">Fowkes, Frederick M</subfield></datafield><datafield ind1=" " ind2=" " tag="852"><subfield code="a">33063</subfield></datafield></record></collection>